% Encoding: UTF-8

@inproceedings{Yao1995,
  doi = {10.1145/225058.225085},
  url = {https://doi.org/10.1145/225058.225085},
  year  = {1995},
  publisher = {{ACM} Press},
  author = {Andrew Chi-Chih Yao},
  title = {Security of quantum protocols against coherent measurements},
  booktitle = {Proceedings of the twenty-seventh annual {ACM} symposium on Theory of computing  - {STOC} {\textquotesingle}95}
}
