% Encoding: UTF-8
@article{Jennewein00,
author = {Thomas Jennewein and Ulrich Achleitner and Gregor Weihs and Harald Weinfurter and Anton Zeilinger},
title = {A fast and compact quantum random number generator},
journal = {Review of Scientific Instruments},
volume = {71},
number = {4},
pages = {1675-1680},
year = {2000},
doi = {10.1063/1.1150518}
}

@Article{Katsoprinakis08,
  author    = {Katsoprinakis, GE and Polis, M and Tavernarakis, A and Dellis, AT and Kominis, IK},
  title     = {Quantum random number generator based on spin noise},
  journal   = {Physical Review A},
  year      = {2008},
  volume    = {77},
  number    = {5},
  pages     = {054101},
  publisher = {APS},
}

@book{Ross14,
  Author = {Sheldon M. Ross},
  Title = {Introduction to Probability and Statistics for Engineers and Scientists, Fifth Edition},
  Publisher = {Academic Press},
  Year = {2014},
 }

@book{Fox06,
  Author = {Mark Fox},
  Title = {Quantum Optics, an Introdution},
  Publisher = {Oxford, University Press},
  Year = {2006},
 }

@Comment{jabref-meta: databaseType:bibtex;}
